<record><leader>00000cas a22000007a 4500</leader><controlfield tag="001">13161885</controlfield><controlfield tag="008">860217d18991902pauwr ne      0    0eng d</controlfield><datafield ind1=" " ind2=" " tag="010"><subfield code="a">sn 86081119 </subfield></datafield><datafield ind1=" " ind2=" " tag="040"><subfield code="a">NPH</subfield><subfield code="b">eng</subfield><subfield code="c">NPH</subfield><subfield code="d">OCLCQ</subfield></datafield><datafield ind1=" " ind2=" " tag="042"><subfield code="a">msc</subfield></datafield><datafield ind1="0" ind2=" " tag="130"><subfield code="a">Genesee times (Genesee, Pa. : 1899)</subfield></datafield><datafield ind1="1" ind2="0" tag="245"><subfield code="a">Genesee times.</subfield></datafield><datafield ind1=" " ind2=" " tag="260"><subfield code="a">Genesee, Pa. :</subfield><subfield code="b">V.M. Allen</subfield></datafield><datafield ind1=" " ind2=" " tag="300"><subfield code="a">v. ;</subfield><subfield code="c">57 cm.</subfield></datafield><datafield ind1=" " ind2=" " tag="310"><subfield code="a">Weekly</subfield></datafield><datafield ind1="1" ind2=" " tag="362"><subfield code="a">Began in May 1899; ceased with Jan. 1, 1902 issue.</subfield><subfield code="z">Cf. Potter Co. newspapers, 1838-1960.</subfield></datafield><datafield ind1=" " ind2=" " tag="500"><subfield code="a">Published every Friday.</subfield></datafield><datafield ind1=" " ind2=" " tag="580"><subfield code="a">Continued by: Review (Genesee, Pa.) (non-extant) Cf. Potter Co. newspapers, 1838-1960.</subfield></datafield><datafield ind1=" " ind2=" " tag="588"><subfield code="a">Description based on: Vol. 3, no. 14 (Aug. 23, 1901).</subfield></datafield><datafield ind1=" " ind2=" " tag="752"><subfield code="a">United States</subfield><subfield code="b">Pennsylvania</subfield><subfield code="c">Potter</subfield><subfield code="d">Genesee.</subfield></datafield><datafield ind1="1" ind2="0" tag="785"><subfield code="t">Review (Genesee, Pa.)</subfield></datafield><datafield ind1="1" ind2=" " tag="029"><subfield code="a">AU@</subfield><subfield code="b">000025812997</subfield></datafield></record>